@String{++Proceedings = "Proceedings "}

@String{+ACL2011 = ++Proceedings # "of the 49th Annual Meeting of the
                  Association for Computational Linguistics: Human Language
                  Technologies (ACL HLT 2011)"}

@String{+NAACL2013 = ++Proceedings # "of the 2013 Conference of the North American Chapter of the 
Association for Computational Linguistics: Human Language Technologies (NAACL HLT 2013)"}





@inproceedings{blitzer,
  title     = {Domain adaptation with structural correspondence learning},
  author    = {Blitzer, J and McDonald, R and Pereira, F},
  booktitle = {In: Proceedings of the 2006 conference on empirical methods in natural language processing},
  year      = {2006}
}


@inproceedings{jiang,
  title     = {Instance weighting for domain adaptation in NLP},
  author    = {J Jiang and C Zhai},
  booktitle = {In: Proceedings of the 45th annual meeting of the association of computational linguistics},
  pages     = {264--71},
  year      = {2007}
}

@inproceedings{relationalwalk,
  title     = {Cross-domain co-extraction of sentiment and topic lexicons},
  author    = {F Li  and SJ Pan and O Jin and Q Yang and X Zhu},
  booktitle = {In: Proceedings of the 50th annual meeting of the association for computational linguistics},
  pages     = {410--19},
  year      = {2012}
}

@inproceedings{daumefeda,
  title     = {Frustratingly easy domain adaptation},
  author    = {Hal Daum\.{e}-III},
  booktitle = {In: Proceedings of the 45th annual meeting of the association of computational linguistics},
  pages     = {256--63},
  year      = {2007}
}

@inproceedings{chelba,
  title     = {Adaptation of maximum entropy classifier: little data can help a lot},
  author    = {C Chelba  and A Acero},
  booktitle = {Speech Recognition with deep recurrent neural networks},
  pages     = {20(4):382--99},
  year      = {2006}
}

@inproceedings{nanni,
  author    = {Nanni, Federico and Zirn, C\"acilia and Glava\u{s}, Goran and Eichorst, Jason and Ponzetto, Simone Paolo},
  title     = {TopFish: topic-based analysis of political position in US electoral campaigns},
  booktitle    = {PolText},
  year      = {2016}
}

@inproceedings{platt,
  author    = {Mou, L. and Meng, Z. and Yan, R. and Li, G. and Xu, Y. and Zhang, L. and Jin, Z.},
  title     = {Translingual document representations from discriminative projections},
  volume    = {In Proceedings of the Conference
on Empirical Methods in Natural Language Processing,
pages},
  year      = {2010}
}

@inproceedings{moore,
  author    = {Moore, Johnand Jennifer Neville.},
  title     = {Deep collective inference},
  volume    = {In Proceedings of the 31st AAAI Conference on Artificial Intelligence},
  year      = {2017}
}
 
@inproceedings{psl,
  author    = {Stephen H. Bach and
               Matthias Broecheler and
               Bert Huang and
               Lise Getoor},
  title     = {Hinge-Loss Markov Random Fields and Probabilistic Soft Logic},
  journal   = {CoRR},
  volume    = {abs/1505.04406},
  year      = {2015},
  url       = {http://arxiv.org/abs/1505.04406},
  timestamp = {Wed, 07 Jun 2017 14:41:58 +0200},
  biburl    = {http://dblp.uni-trier.de/rec/bib/journals/corr/BachBHG15},
  bibsource = {dblp computer science bibliography, http://dblp.org}
} 

@inproceedings{gcn,
  author    = {Kipf, Thomas N and Max Welling},
  title     = {Semi-supervised classification with graph convolutional networks},
  journal   = {CoRR},
  volume    = {abs/1609.02907},
  year      = {2016}  
} 
 
 
@inproceedings{dwalk,
  author    = {Perozzi, Bryan and Rami Al-Rfouand Steven Skiena},
  title     = {Deepwalk: Online learning of social representations},
  journal   = {Proceedings of the 20th ACM SIGKDD international conference on Knowledge discovery and data mining},
  year      = {2014}  
} 

 @inproceedings{lstmcrf,
  author    = {Huang, Zhiheng and Wei Xuand Kai Yu},
  title     = {Bidirectional LSTM-CRF models for sequence taggings},
  journal   = {CoRR},
  volume    = {abs/1508.01991},
  year      = {2015}  
} 
 
 @inproceedings{RCC,
  author    = {Shuangfei Fan and
               Bert Huang},
  title     = {Recurrent Collective Classification},
  journal   = {CoRR},
  volume    = {abs/1703.06514},
  year      = {2017},
  url       = {http://arxiv.org/abs/1703.06514},
  timestamp = {Wed, 07 Jun 2017 14:42:06 +0200},
  biburl    = {http://dblp.uni-trier.de/rec/bib/journals/corr/FanH17},
  bibsource = {dblp computer science bibliography, http://dblp.org}
}

@inproceedings{RaoS16,
  author    = {Adithya Rao and
               Nemanja Spasojevic},
  title     = {Actionable and Political Text Classification using Word Embeddings
               and {LSTM}},
  journal   = {CoRR},
  volume    = {abs/1607.02501},
  year      = {2016},
  url       = {http://arxiv.org/abs/1607.02501},
  timestamp = {Wed, 07 Jun 2017 14:41:14 +0200},
  biburl    = {http://dblp.uni-trier.de/rec/bib/journals/corr/RaoS16},
  bibsource = {dblp computer science bibliography, http://dblp.org}
}

@inproceedings{zirn2016classifying,
  title={Classifying topics and detecting topic shifts in political manifestos},
  author={Zirn, C{\"a}cilia and Glava{\v{s}}, Goran and Nanni, Federico and Eichorts, Jason and Stuckenschmidt, Heiner},
  year={2016},
  publisher={University of Zagreb}
}

@inproceedings{preotiuc2017beyond,
  title={Beyond binary labels: political ideology prediction of Twitter users},
  author={Preotiuc-Pietro, Daniel and Liu, Ye and Hopkins, Daniel J and Ungar, Lyle},
    journal = {ACL},
      year={2017}
}

@inproceedings{psl2017,
  title={Leveraging Behavioral and Social Information for Weakly Supervised Collective Classification of Political Discourse on Twitter},
  author={Kristen Johnson and Di Jin and Dan Goldwasser},
  journal = {ACL},
  year={2017}
}

@inproceedings{UnsupKE,
  title={PositionRank: An Unsupervised Approach to Keyphrase Extraction from Scholarly Documents},
  author={Corina Florescu and Cornelia Caragea},
  journal = {ACL},
  year={2017}
}
@inproceedings{DeepKE,
  title={Deep Keyphrase Generation},
  author={Rui Meng and Daqing He and Sanqiang Zhao and Shuguang Han},
  journal = {ACL},
  year={2017}
}
@inproceedings{prabhakaran2014staying,
  title={Staying on Topic: An Indicator of Power in Political Debates.},
  author={Prabhakaran, Vinodkumar and Arora, Ashima and Rambow, Owen},
  booktitle={EMNLP},
  pages={1481--1486},
  year={2014}
}

@inproceedings{dallmann2015media,
  title={Media bias in german online newspapers},
  author={Dallmann and Alexander and Lemmerich, Florian and Zoller, Daniel and Hothoandreas},
  booktitle={Proceedings of the 26th ACM Conference on Hypertext \& Social Media},
  pages={133--137},
  year={2015},
  organization={ACM}
}

@inproceedings{CMP,
  title={The Manifesto Data Collection. Manifesto
Project (MRG/CMP/MARPOR)},
  author={Andrea Volkens and Onawa Lacewell and Pola Lehmann,
Sven Regel, Henrike Schultzeand Annika Werner.},
  booktitle={Wissenschaftszentrum
Berlin fur Sozialforschung (WZB)},
  year={2011}
}

@inproceedings{coder,
  title={Coder reliability and misclassification
in the human coding of party manifestos.},
  author={Slava Mikhaylov and Michael Laver and Kenneth R
Benoit},
  booktitle={Political
Analysis},
  year={2012}
}

@inproceedings{atc,
  title={Analysis of policy agendas: Lessons Ë‡
learned from automatic topic classification of croatian
political texts.},
  author={Mladen Karan and Daniela Sirini and Jan Snajderand Goran Glavas.},
  booktitle={In Proceedings of the Workshop
on Language Technology for Cultural Heritage,
Social Sciencesand Humanities (LaTeCH) at ACL},
  year={2016}
}

@inproceedings{media,
  title={Media framing and the dynamics
of racial policy preferences},
  author={Paul M Kellstedt},
  booktitle={American Journal of
Political Science},
  year={2000}
}

@inproceedings{polsent,
  title={Affective news:
The automated coding of sentiment in political texts.},
  author={Lori Young and Stuart Soroka.},
  booktitle={Political Communication},
  year={2012}
}

@inproceedings{chambers2015identifying,
  title={Identifying Political Sentiment between Nation States with Social Media.},
  author={Chambers, Nathanael and Bowen, Victor and Genco, Ethan and Tian, Xisen and Young, Eric and Harihara, Ganesh and Yang, Eugene},
  booktitle={EMNLP},
   year={2015}
}

@inproceedings{WWW,
 author = {Deriu, Jan and Lucchi, Aurelien and De Luca, Valeria and Severyn, Aliaksei and M\"{u}ller, Simon and Cieliebak, Mark and Hofmann, Thomas and Jaggi, Martin},
 title = {Leveraging Large Amounts of Weakly Supervised Data for Multi-Language Sentiment Classification},
 booktitle = {Proceedings of the 26th International Conference on World Wide Web},
 series = {WWW '17},
 year = {2017},
 isbn = {978-1-4503-4913-0},
 location = {Perth, Australia},
 pages = {1045--1052},
 numpages = {8},
 acmid = {3052611},
 publisher = {International World Wide Web Conferences Steering Committee},
 address = {Republic and Canton of Geneva, Switzerland},
 keywords = {multi-language, neural networks, sentiment classification, weak supervision},
} 

@inproceedings{EACL,
 author = {Goran Glavas and Federico Nanni and Simone Paolo Ponzetto},
 title = {Unsupervised Cross-Lingual Scaling of Political Texts},
 booktitle = {EACL},
 year = {2017},
 
} 

@misc{foster2014semi,
  title={Semi-Supervised Learning and Domain Adaptation in Natural Language Processing},
  author={Foster, George},
  year={2014},
  publisher={MIT Press}
}

@inproceedings{nguyen2014domain,
  title={Domain Adaptation for Natural Language Processing},
  author={Nguyen, Thien Huu},
  year={2014}
}

@inproceedings{ruder2016towards,
  title={Towards a continuous modeling of natural language domains},
  author={Ruder, Sebastian and Ghaffari, Parsa and Breslin, John G},
  journal={arXiv preprint arXiv:1610.09158},
  year={2016}
}
@inproceedings{icdm2008,
  title={A Practical Approach to Classify Evolving Data Streams: Training with Limited Amount of Labeled Data.},
  author={Mohammad Masud and Jing Gao and Latifur Khan and Jiawei Han.},
  journal={IEEE International Conference on Data Mining},
  year={2008}
}
 @inproceedings{hoffman2014continuous,
  title={Continuous manifold based adaptation for evolving visual domains},
  author={Hoffman, Judy and Darrell, Trevor and Saenko, Kate},
  booktitle={Proceedings of the IEEE Conference on Computer Vision and Pattern Recognition},
  pages={867--874},
  year={2014}
}

@inproceedings{shekhar2014parametric,
  title={Parametric Dictionaries and Feature Augmentation for Continuous Domain Adaptation},
  author={Shekhar, Sumit and Shroff, Nitesh and Chellappa, Rama},
  booktitle={Proceedings of the 2014 Indian Conference on Computer Vision Graphics and Image Processing},
  pages={16},
  year={2014},
  organization={ACM}
}

@inproceedings{blain2015continuous,
  title={Continuous Adaptation to User Feedback for Statistical Machine Translation.},
  author={Blain, Fr{\'e}d{\'e}ric and Bougares, Fethi and Hazem, Amir and Barrault, Lo{\"\i}c and Schwenk, Holger},
  booktitle={HLT-NAACL},
  pages={1001--1005},
  year={2015}
}

@inproceedings{LMLA,
  title={Lifelong Machine Learning},
  author={Zhiyuan Chen and Bing Liu},
  booktitle={Learning. Morgan \& Claypool Publishers},
  year={2016}
}

@inproceedings{LLA,
  title={Lifelong learning algorithms},
  author={Sebastian Thrun.},
  booktitle={Learning to learn},
  year={1998}
}

@inproceedings{BLA,
  title={Lifelong machine learning systems: Beyond learning algorithms.},
  author={Daniel L Silver and Qiang Yangand Lianghao Li.},
  booktitle={In AAAI Spring Symposium: Lifelong Machine Learning.},
  year={2013}
}

@inproceedings{Levy,
  title={Reconsidering Cross-lingual Word Embeddings.},
  author={Levy, O and SÃ¸gaard, A and Goldberg, Y. },
  booktitle={arXiv:1608.05426},
  year={2016}
}

@inproceedings{Mikolov,
  title={Exploiting Similarities among Languages for Machine Translation.},
  author={Mikolov, T and Le, Q. V and Sutskever, I.},
  booktitle={arXiv:1309.4168},
  year={2013}
}

@inproceedings{Faruqui,
  title={Improving Vector Space Word Representations Using Multilingual Correlation.},
  author={Faruqui, M and Dyer, C.},
  booktitle={EACL},
  year={2014}
}

@inproceedings{Guo,
  title={Cross-lingual Dependency Parsing Based on Distributed Representations.},
  author={Guo, J and Che, W and Yarowsky, D and Wang, Hand Liu, T.},
  booktitle={ACL},
  year={2015}
}

@inproceedings{Ammar,
  title={Massively Multilingual Word Embeddings.},
  author={Ammar, W and Mulcaire, G and Tsvetkov, Y and Lample, G and Dyer, C and and Smith, N. A. },
  booktitle={arXiv:1602.01925},
  year={2016}
}

@inproceedings{Vulic,
  title={ On the Role of Seed Lexicons in Learning Bilingual Word Embeddings.},
  author={Vulic, Iand Korhonen, A. },
  booktitle={ACL},
  year={2016}
}

@inproceedings{Barone,
  title={ Towards cross-lingual distributed representations without parallel text trained with adversarial autoencoders.},
  author={Barone, A. V. M. },
  booktitle={Proceedings of the 1st Workshop on Representation Learning for NLP},
  year={2016}
}

@inproceedings{Xiao,
  title={ Distributed Word Representation Learning for Cross-Lingual Dependency Parsing.},
  author={Xiao, M and Guo, Y.},
  booktitle={CoNLL},
  year={2014}
}

@inproceedings{Gouws,
  title={ Simple task-specific bilingual word embeddings.},
  author={Gouws, S and S{\o}gaard, A.},
  booktitle={NAACL},
  year={2015}
}

@inproceedings{Long,
  title={Learning Crosslingual Word Embeddings without Bilingual Corpora.},
  author={Duong, L and Kanayama, H and Ma, T and Bird, S and Cohn, T. },
  booktitle={EMNLP},
  year={2016}
}

@inproceedings{Vulic1,
  title={ Bilingual Distributed Word Representations from Document-Aligned Comparable Data. },
  author={Vulic, I and  Moens, M.-F.},
  booktitle={JAIR},
  year={2016}
}

@inproceedings{chandar,
  title={An Autoencoder Approach to Learning Bilingual Word Representations. },
  author={ Chandar, S and Lauly, S and Larochelle, H and Khapra, M. and Ravindran, B and Raykar, V and Saha, A.},
  booktitle={NIPS},
  year={2014}
}
 
 @inproceedings{Sogaard,
  title={Inverted indexing for cross-lingual NLP },
  author={ S{\o}gaard, A and Agic, Z and Alonso, H. M and Plank, B and Bohnet, B and Johannsen, A.},
  booktitle={ACL-IJCNLP},
  year={2015}
}

 @inproceedings{Gardner,
  title={Translation Invariant Word Embeddings. },
  author={ Gardner, M. and Huang, K. and Paplexakis, E. and Fu, X. and Talukdar, P. and Faloutsos, C and Sidiropoulos, N.},
  booktitle={EMNLP},
  year={2015}
}

 @inproceedings{Gouwsi,
  title={BilBOWA: Fast Bilingual Distributed Representations without Word Alignments},
  author={Gouws, S and Bengio, Y and Corrado, G.},
  booktitle={ICML},
  year={2015}
}

 @inproceedings{Mogadala,
  title={Bilingual Word Embeddings from Parallel and Non-parallel Corpora for Cross-Language Text Classification.},
  author={Mogadala, A and Rettinger, A. },
  booktitle={NAACL},
  year={2016}
}
 @inproceedings{Vyas,
  title={Sparse Bilingual Word Representations for Cross-lingual Lexical Entailment.},
  author={Vyas, Y and Carpuat, M. },
  booktitle={NAACL},
  year={2016}
}

 @inproceedings{sdm,
  title={Large Scale Hierarchical Classification: Foundations, Algorithms and Applications},
  author={Huzefa Rangwala and Azad Naik },
  booktitle={SDM Tutorial},
  year={2016}
}


@inproceedings{kulkarni2016domain,
  title={Domain Adaptation for Named Entity Recognition in Online Media with Word Embeddings},
  author={Kulkarni, Vivek and Mehdad, Yashar and Chevalier, Troy},
  journal={arXiv preprint arXiv:1612.00148},
  year={2016}
}

@inproceedings{parkdeep,
  title={Deep Dynamic Relational Classifiers: Exploiting Dynamic Neighborhoods in Complex Networks},
  author={Park, Hogun and Moore, John and Neville, Jennifer},
  booktitle={IJCAI},
  year={2017}
}

@inproceedings{beltagy2014probabilistic,
  title={Probabilistic Soft Logic for Semantic Textual Similarity.},
  author={Beltagy, Islam and Erk, Katrin and Mooney, Raymond J},
  booktitle={ACL},
  year={2014}
}

@inproceedings{pan,
  title={A survey on transfer learning.},
  author={Pan, S. J and Yang, Q.},
  booktitle={IEEE TKDE},
  year={2010}
}

@inproceedings{wu2016sentiment,
  title={Sentiment domain adaptation with multiple sources},
  author={Wu, Fangzhao and Huang, Yongfeng},
  booktitle={ACL},
  year={2016}
}

@inproceedings{elming2014robust,
  title={Robust cross-domain sentiment analysis for low-resource languages},
  author={Elming, Jakob and Hovy, Dirk and Plank, Barbara},
  year={2014}
}

@inproceedings{yang2017transfer,
  title={Transfer learning for sequence tagging with hierarchical recurrent networks},
  author={Yang, Zhilin and Salakhutdinov, Ruslan and Cohen, William W},
  journal={arXiv preprint arXiv:1703.06345},
  year={2017}
}

@inproceedings{verberne2014automatic,
  title={Automatic thematic classification of election manifestos},
  author={Verberne, Suzan and D'hondt, Eva and van den Bosch, Antal and Marx, Maarten},
  booktitle={Information Processing \& Management},
  year={2014}  
}

@inproceedings{acl2015,
  title={A
frame of mind: Using statistical models for detection
of framing and agenda setting campaigns},
  author={Oren Tsur and Dan Calacci and David Lazer},
  journal={ACL},
  year={2015}
  
}

@inproceedings{naacl2015,
  title={Testing and comparing
computational approaches for identifying the language
of framing in political news.},
  author={Eric Baumer and Elisha Elovic and Ying Qin and Francesca Polletta,
and Geri Gay},
  journal={NAACL},
  year={2015}
  
}

@inproceedings{naacl2015,
  title={Testing and comparing
computational approaches for identifying the language
of framing in political news.},
  author={Eric Baumer and Elisha Elovic and Ying Qin and Francesca Polletta,
and Geri Gay},
  journal={NAACL},
  year={2015}
  
}

@inproceedings{acl20151,
  title={The media
frames corpus: Annotations of frames across issues.},
  author={Dallas Card and Amber E. Boydstun and Justin H. Gross and
Philip Resnik, and Noah A. Smith},
  journal={ACL},
  year={2015}
  
}

@inproceedings{resnik,
  title={Tracking the development
of media frames within and across policy
issues.},
  author={Amber Boydstun and Dallas Card and Justin H. Gross and  Philip Resnik and Noah A. Smith},
  year={2014}
  
}

@inproceedings{Mohammad,
  title={Sentiment, emotion, purpose, and style in electoral tweets.},
  author={Saif M Mohammad and Xiaodan Zhu and Svetlana Kiritchenko and
and Joel Martin.},
journal={Information Processing & Management},
  year={2015}
  
}

@inproceedings{ebrahimi2016weakly,
  title={Weakly supervised tweet stance classification by relational bootstrapping},
  author={Ebrahimi, Javid and Dou, Dejing and Lowd, Daniel},
  journal={EMNLP},
  year={2016}
}

 @inproceedings{lampos2013user,
  title={A user-centric model of voting intention from Social Media.},
  author={Lampos, Vasileios and Preotiuc-Pietro, Daniel and Cohn, Trevor},
  journal={ACL},
  year={2013}
}

@article{bakkenpolitical,
  title={Political News Sentiment Analysis for Under-resourced Languages},
  author={Bakken, Patrik F and Bratlie, Terje A and Marco, Cristina and Gulla, Jon Atle},
   journal={COLING},
  year={2016}
  }

@inproceedings{ringsquandl2013analyzing,
  title={Analyzing political sentiment on Twitter},
  author={Ringsquandl, Martin and Petkovic, Dusan},
  booktitle={2013 AAAI Spring Symposium Series},
  year={2013}
}

@inproceedings{chambers2015identifying,
  title={Identifying Political Sentiment between Nation States with Social Media.},
  author={Chambers, Nathanael and Bowen, Victor and Genco, Ethan and Tian, Xisen and Young, Eric and Harihara, Ganesh and Yang, Eugene},
   journal={EMNLP},
  year={2015}
}

@inproceedings{zettlemoyerdocument,
  title={Document-level Sentiment Inference with Social, Faction, and Discourse Context},
  author={Eunsol, Choi and Hannah, Rashkin and Luke, Zettlemoyer and Choi, Yejin},
  journal={ACL},
  year={2016}
}

@article{rashkin2015connotation,
  title={Connotation frames: A data-driven investigation},
  author={Rashkin, Hannah and Singh, Sameer and Choi, Yejin},
  journal={arXiv preprint arXiv:1506.02739},
  year={2015}
}

@inproceedings{luong2015bilingual,
  title={Bilingual word representations with monolingual quality in mind},
  author={Luong, Thang and Pham, Hieu and Manning, Christopher D},
  year={2015}
}

@inproceedings{bhattaraiinducing,
  title={Inducing Crosslingual Distributed Representations of Words},
  author={Alexandre Klementiev and Ivan Titov and Binod Bhattarai},
  journal={COLING},
  year={2012}

}


@inproceedings{tian2014learning,
  title={Learning Deep Representations for Graph Clustering.},
  author={Tian, Fei and Gao, Bin and Cui, Qing and Chen, Enhong and Liu, Tie-Yan},
  journal={AAAI},
  year={2014}
}

@inproceedings{yanardag2015deep,
  title={Deep graph kernels},
  author={Yanardag, Pinar and Vishwanathan, SVN},
  booktitle={Proceedings of the 21th ACM SIGKDD International Conference on Knowledge Discovery and Data Mining},
  pages={1365--1374},
  year={2015},
  organization={ACM}
}

@inproceedings{li2014deep,
  title={A deep learning approach to link prediction in dynamic networks},
  author={Li, Xiaoyi and Du, Nan and Li, Hui and Li, Kang and Gao, Jing and Zhang, Aidong},
  booktitle={Proceedings of the 2014 SIAM International Conference on Data Mining},
  pages={289--297},
  year={2014},
  organization={SIAM}
}

@inproceedings{tang2015line,
  title={Line: Large-scale information network embedding},
  author={Tang, Jian and Qu, Meng and Wang, Mingzhe and Zhang, Ming and Yan, Jun and Mei, Qiaozhu},
  booktitle={Proceedings of the 24th International Conference on World Wide Web},
  pages={1067--1077},
  year={2015},
  organization={ACM}
}

@inproceedings{wang2016structural,
  title={Structural deep network embedding},
  author={Wang, Daixin and Cui, Peng and Zhu, Wenwu},
  booktitle={Proceedings of the 22nd ACM SIGKDD International Conference on Knowledge Discovery and Data Mining},
  pages={1225--1234},
  year={2016},
  organization={ACM}
}

@inproceedings{perozzi2014deepwalk,
  title={Deepwalk: Online learning of social representations},
  author={Perozzi, Bryan and Al-Rfou, Rami and Skiena, Steven},
  booktitle={Proceedings of the 20th ACM SIGKDD international conference on Knowledge discovery and data mining},
  pages={701--710},
  year={2014},
  organization={ACM}
}


@inproceedings{grover2016node2vec,
  title={node2vec: Scalable feature learning for networks},
  author={Grover, Aditya and Leskovec, Jure},
  booktitle={Proceedings of the 22nd ACM SIGKDD International Conference on Knowledge Discovery and Data Mining},
  pages={855--864},
  year={2016},
  organization={ACM}
}

@inproceedings{scarselli2009graph,
  title={The graph neural network model},
  author={Scarselli, Franco and Gori, Marco and Tsoi, Ah Chung and Hagenbuchner, Markus and Monfardini, Gabriele},
  journal={IEEE Transactions on Neural Networks},
  volume={20},
  number={1},
  pages={61--80},
  year={2009},
  publisher={IEEE}
}

@article{pan2016tri,
  title={Tri-party deep network representation},
  author={Pan, Shirui and Wu, Jia and Zhu, Xingquan and Zhang, Chengqi and Wang, Yang},
  journal={IJCAI},
  year={2016}
  
}

@inproceedings{li2016discriminative,
  title={Discriminative Deep Random Walk for Network Classification},
  author={Li, Juzheng and Zhu, Jun and Zhang, Bo},
  journal = {ACL},
  year={2016}
}

@article{yang2016revisiting,
  title={Revisiting semi-supervised learning with graph embeddings},
  author={Yang, Zhilin and Cohen, William W and Salakhutdinov, Ruslan},
  journal={arXiv preprint arXiv:1603.08861},
  year={2016}
}

@article{joshi2012multi,
  title={Multi-domain learning: when do domains matter?},
  author={Joshi, Mahesh and Cohen, William W and Dredze, Mark and Ros{\'e}, Carolyn P},
  booktitle={Proceedings of the 2012 Joint Conference on Empirical Methods in Natural Language Processing and Computational Natural Language Learning},
  pages={1302--1312},
  year={2012},
  organization={Association for Computational Linguistics}
}

@article{burfoot2011collective,
  title={Collective classification of congressional floor-debate transcripts},
  author={Burfoot, Clinton and Bird, Steven and Baldwin, Timothy},
  booktitle={Proceedings of the 49th Annual Meeting of the Association for Computational Linguistics: Human Language Technologies-Volume 1},
  pages={1506--1515},
  year={2011},
  organization={Association for Computational Linguistics}
}

@article{sridhar2014collective,
  title={Collective stance classification of posts in online debate forums},
  author={Sridhar, Dhanya and Getoor, Lise and Walker, Marilyn},
  booktitle={ACL},
  year={2014}
}

@inproceedings{akoglu2014quantifying,
  title={Quantifying Political Polarity Based on Bipartite Opinion Networks.},
  author={Akoglu, Leman},
  booktitle={AAAI},
  year={2014}
}

@inproceedings{hoang2016incorporating,
  title={Incorporating Side Information into Recurrent Neural Network Language Models},
  author={Hoang, Cong Duy Vu and Haffari, Gholamreza and Cohn, Trevor},
  booktitle={NAACL-HLT},
  year={2016}
}

@inproceedings{wangattention,
  title={Attention-based LSTM for Aspect-level Sentiment Classification},
  author={Wang, Yequan and Huang, Minlie and Zhao, Li and Zhu, Xiaoyan},
  journal={EMNLP},
  year={2016}
}

@inproceedings{nallapati2004extraction,
  title={Extraction of key words from news stories},
  author={Nallapati, Ramesh and Allan, James and Mahadevan, Sridhar},
  year={2004},
  institution={MASSACHUSETTS UNIV AMHERST CENTER FOR INTELLIGENT INFORMATION RETRIEVAL}
}

@inproceedings{karan2016analysis,
  title={Analysis of policy agendas: Lessons learned from automatic topic classification of croatian political texts},
  author={Karan, Mladen and {\v{S}}najder, Jan and {\v{S}}irinic, Daniela and Glava{\v{s}}, Goran},
  journal={LaTeCH 2016},
  year={2016}
}

@inproceedings{zhou2011classifying,
  title={Classifying the Political Leaning of News Articles and Users from User Votes.},
  author={Zhou, Daniel Xiaodan and Resnick, Paul and Mei, Qiaozhu},
  year={2011}
}

@inproceedings{ding2011keyphrase,
  title={Keyphrase Extraction from Online News Using Binary Integer Programming.},
  author={Ding, Zhuoye and Zhang, Qi and Huang, Xuanjing},
   journal={IJCNLP},
   year={2011}
}

@inproceedings{biessmann2016automating,
  title={Automating Political Bias Prediction},
  author={Biessmann, Felix},
  journal={arXiv preprint arXiv:1608.02195},
  year={2016}
}

@inproceedings{bakliwal2013sentiment,
  title={Sentiment analysis of political tweets: Towards an accurate classifier},
  author={Bakliwal, Akshat and Foster, Jennifer and van der Puil, Jennifer and O'Brien, Ron and Tounsi, Lamia and Hughes, Mark},
  year={2013},
  booktitle={ACL}
}

@inproceedings{awadallah2010language,
  title={Language-model-based pro/con classification of political text},
  author={Awadallah, Rawia and Ramanath, Maya and Weikum, Gerhard},
  booktitle={Proceedings of the 33rd international ACM SIGIR conference on Research and development in information retrieval},
  pages={747--748},
  year={2010},
  organization={ACM}
}

@inproceedings{niu2015analyzing,
  title={Analyzing the transferability of collective inference models across networks},
  author={Niu, Ransen and Moreno, Sebastian and Neville, Jennifer},
  booktitle={Data Mining Workshop (ICDMW), 2015 IEEE International Conference on},
  pages={908--916},
  year={2015},
  organization={IEEE}
}

@inproceedings{zhang2016multi,
  title={Multi-Domain Active Learning for Recommendation.},
  author={Zhang, Zihan and Jin, Xiaoming and Li, Lianghao and Ding, Guiguang and Yang, Qiang},
  journal={AAAI},
  year={2016}
}

@inproceedings{slapin2008scaling,
  title={A scaling model for estimating time-series party positions from texts},
  author={Slapin, Jonathan B and Proksch, Sven-Oliver},
  journal={American Journal of Political Science},
  volume={52},
  number={3},
  pages={705--722},
  year={2008},
  publisher={Wiley Online Library}
}

@inproceedings{lowe2011scaling,
  title={Scaling policy preferences from coded political texts},
  author={Lowe, Will and Benoit, Kenneth and Mikhaylov, Slava and Laver, Michael},
  journal={Legislative studies quarterly},
  volume={36},
  number={1},
  pages={123--155},
  year={2011},
  publisher={Wiley Online Library}
}

@inproceedings{benoit2014putting,
  title={Putting Text in Context: How to Estimate Better Left-Right Positions by Scaling Party Manifesto Data using Item Response Theory},
  author={Benoit, Kenneth and D{\"a}ubler, Thomas},
  booktitle={Mapping Policy Preferences from Texts Conference},
  year={2014}
}

@inproceedings{michael2013sentiment,
  title={Sentiment analysis for debates},
  author={Michael, Christina and Toni, Francesca and Broda, Krysia},
  year={2013}
}

@inproceedings{iyyer2014political,
  title={Political ideology detection using recursive neural networks},
  author={Iyyer, Mohit and Enns, Peter and Boyd-Graber, Jordan and Resnik, Philip},
  booktitle={ACL},
  year={2014}
}

@inproceedings{lauderdale2014measuring,
  title={Measuring Political Positions from Legislative Debate Texts on Heterogenous Topics},
  author={Lauderdale, Benjamin and Herzog, Alexander},
  year={2014}
}

@inproceedings{tanglearning,
  title={Learning Sentiment-Specific Word Embedding for Twitter Sentiment Classification thanks: This work was done when the first and third authors were visiting Microsoft Research Asia.},
  author={Tang, Duyu and Wei, Furu and Yang, Nan and Zhou, Ming and Liu, Ting and Qin, Bing}
}

@inproceedings{rheault2016expressions,
  title={Expressions of Anxiety in Political Texts},
  author={Rheault, Ludovic},
  booktitle={NLP+ CSS 2016},
  pages={92},
  year={2016}
}

@inproceedings{ruedin2013role,
  title={The role of language in the automatic coding of political texts},
  author={Ruedin, Didier},
  journal={Swiss Political Science Review},
  volume={19},
  number={4},
  pages={539--545},
  year={2013},
  publisher={Wiley Online Library}
}

@inproceedings{W17-2906,
  author = 	"Glava{\v{s}}, Goran
		and Nanni, Federico
		and Ponzetto, Simone Paolo",
  title = 	"Cross-Lingual Classification of Topics in Political Texts",
  year = 	"2017",
  booktitle = 	{ACL WS},
  }


@inproceedings{gentzkow2017text,
  title={Text as data},
  author={Gentzkow, Matthew and Kelly, Bryan T and Taddy, Matt},
  year={2017},
  institution={National Bureau of Economic Research}
}

@inproceedings{baturo2017understanding,
  title={Understanding State Preferences With Text As Data: Introducing the UN General Debate Corpus},
  author={Baturo, Alexander and Dasandi, Niheer and Mikhaylov, Slava},
  journal={Research \& Politics},
  year={2017},
  publisher={Sage}
}

@inproceedings{gurciullo2016detecting,
  title={Detecting Policy Preferences and Dynamics in the UN General Debate with Neural Word Embeddings},
  author={Gurciullo, Stefano and Mikhaylov, Slava J},
  year={2016}
}

@inproceedings{WangD:2013:EMNLP,
  author    = {Wang, Di and Xiong, Chenyan and Wang, William Yang},
  title     = {Automatic Domain Partitioning for Multi-Domain Learning},
  booktitle = {Proceedings of the 2013 Conference on Empirical Methods in Natural Language Processing (EMNLP 2013)},
  month     = {October},
  year      = {2013},
  address   = {Seattle, WA, USA},
  publisher = {ACL}
}

@inproceedings{gattani2013entity,
  title={Entity extraction, linking, classification, and tagging for social media: a wikipedia-based approach},
  author={Gattani, Abhishek and Lamba, Digvijay S and Garera, Nikesh and Tiwari, Mitul and Chai, Xiaoyong and Das, Sanjib and Subramaniam, Sri and Rajaraman, Anand and Harinarayan, Venky and Doan, AnHai},
  journal={Proceedings of the VLDB Endowment},
  volume={6},
  number={11},
  pages={1126--1137},
  year={2013},
  publisher={VLDB Endowment}
}

@inproceedings{sen2008collective,
  title={Collective classification in network data},
  author={Sen, Prithviraj and Namata, Galileo and Bilgic, Mustafa and Getoor, Lise and Galligher, Brian and Eliassi-Rad, Tina},
  journal={AI magazine},
  volume={29},
  number={3},
  pages={93},
  year={2008}
}

@inproceedings{getoor2007introduction,
  title={Introduction to statistical relational learning},
  author={Getoor, Lise},
  year={2007}
}

@inproceedings{macskassy2007classification,
  title={Classification in networked data: A toolkit and a univariate case study},
  author={Macskassy, Sofus A and Provost, Foster},
  journal={Journal of Machine Learning Research},
  volume={8},
  number={May},
  pages={935--983},
  year={2007}
}

@article{bakker2015measuring,
  title={Measuring party positions in Europe: The Chapel Hill expert survey trend file, 1999--2010},
  author={Bakker, Ryan and De Vries, Catherine and Edwards, Erica and Hooghe, Liesbet and Jolly, Seth and Marks, Gary and Polk, Jonathan and Rovny, Jan and Steenbergen, Marco and Vachudova, Milada Anna},
  journal={Party Politics},
  volume={21},
  number={1},
  pages={143--152},
  year={2015},
  publisher={SAGE Publications Sage UK: London, England}
}

@article{lucas2015computer,
  title={Computer-assisted text analysis for comparative politics},
  author={Lucas, Christopher and Nielsen, Richard A and Roberts, Margaret E and Stewart, Brandon M and Storer, Alex and Tingley, Dustin},
  journal={Political Analysis},
  volume={23},
  number={2},
  pages={254--277},
  year={2015},
  publisher={Oxford University Press}
}

@article{briassoulis2010online,
  title={Online petitions: new tools of secondary analysis?},
  author={Briassoulis, Helen},
  journal={Qualitative research},
  volume={10},
  number={6},
  pages={715--727},
  year={2010},
  publisher={SAGE Publications Sage UK: London, England}
}

@article{Proskurnia2017,
  title={Predicting the Success of Online Petitions Leveraging Multidimensional Time-Series},
  author={J. Proskurnia, P.A. Grabowicz, R. Kobayashi, C. Castillo, P. Cudre-Mauroux and K. Aberer},
  journal={WWW},
  year={2017}  
}

@article{HICSS, 
author={A. S. Elnoshokaty and S. Deng and D. H. Kwak}, 
booktitle={2016 49th Hawaii International Conference on System Sciences (HICSS)}, 
title={Success Factors of Online Petitions: Evidence from Change.org}, 
year={2016}, 
pages={1979-1985}
}

@article{earl2008contesting,
  title={Contesting cultural control: Youth culture and online petitioning.},
  author={Earl, Jennifer and Schussman, Alan},
  year={2008}
}

@article{dredze2010multi,
  title={Multi-domain learning by confidence-weighted parameter combination},
  author={Dredze, Mark and Kulesza, Alex and Crammer, Koby},
  journal={Machine Learning},
  volume={79},
  number={1-2},
  pages={123--149},
  year={2010},
  publisher={Springer}
}

@article{wethepeople,
  title={We the People': Five Years of Online Petitions.},
  author={Hitlin, Paul.},
  journal={Pew Research Center},
  year={2016}
  
}

@article{lazer2009life,
  title={Life in the network: the coming age of computational social science},
  author={Lazer, David and Pentland, Alex Sandy and Adamic, Lada and Aral, Sinan and Barabasi, Albert Laszlo and Brewer, Devon and Christakis, Nicholas and Contractor, Noshir and Fowler, James and Gutmann, Myron and others},
  journal={Science (New York, NY)},
  volume={323},
  number={5915},
  pages={721},
  year={2009},
  publisher={NIH Public Access}
}

@article{grimmer2013text,
  title={Text as data: The promise and pitfalls of automatic content analysis methods for political texts},
  author={Grimmer, Justin and Stewart, Brandon M},
  journal={Political analysis},
  year={2013},
  publisher={Oxford University Press}
}

@article{sim2013measuring,
  title={Measuring ideological proportions in political speeches},
  author={Sim, Yanchuan and Acree, Brice DL and Gross, Justin H and Smith, Noah A},
  year={2013}
}

@inproceedings{menini2016agreement,
  title={Agreement and Disagreement: Comparison of Points of View in the Political Domain.},
  author={Menini, Stefano and Tonelli, Sara}
}


@inproceedings{nanni2017building,
  title={Building entity-centric event collections},
  author={Nanni, Federico and Ponzetto, Simone Paolo and Dietz, Laura},
  booktitle={Digital Libraries (JCDL), 2017 ACM/IEEE Joint Conference on},
  pages={1--10},
  year={2017},
  organization={IEEE}
}

@article{NanniF16,
  author    = {Federico Nanni and
               Pablo Ruiz Fabo},
  title     = {Entities as topic labels: Improving topic interpretability and evaluability
               combining Entity Linking and Labeled {LDA}},
  journal   = {CoRR},
  volume    = {abs/1604.07809},
  year      = {2016},
  url       = {http://arxiv.org/abs/1604.07809},
  timestamp = {Wed, 07 Jun 2017 14:42:43 +0200},
  biburl    = {http://dblp.uni-trier.de/rec/bib/journals/corr/NanniF16},
  bibsource = {dblp computer science bibliography, http://dblp.org}
}

@inproceedings{glavavs2016unsupervised,
  title={Unsupervised text segmentation using semantic relatedness graphs},
  author={Glava{\v{s}}, Goran and Nanni, Federico and Ponzetto, Simone Paolo},
  year={2016},
  organization={Association for Computational Linguistics}
}

@inproceedings{purpura2006automated,
  title={Automated classification of congressional legislation},
  author={Purpura, Stephen and Hillard, Dustin},
  booktitle={Proceedings of the 2006 international conference on Digital government research},
  pages={219--225},
  year={2006},
  organization={Digital Government Society of North America}
}


@article{hjorth2015computers,
  title={Computers, coders, and voters: Comparing automated methods for estimating party positions},
  author={Hjorth, Frederik and Klemmensen, Robert and Hobolt, Sara and Hansen, Martin Ejnar and Kurrild-Klitgaard, Peter},
  journal={Research \& Politics},
  year={2015},
  publisher={SAGE Publications Sage UK: London, England}
}


@ARTICLE{2017arXiv170704737B,
   author = {{Bruinsma}, B. and {Gemenis}, K.},
    title = "{Validating Wordscores}",
  journal = {ArXiv e-prints},
archivePrefix = "arXiv",
   eprint = {1707.04737},
 primaryClass = "stat.AP",
 keywords = {Statistics - Applications, 62P25},
     year = 2017,
    month = jul,
   adsurl = {http://adsabs.harvard.edu/abs/2017arXiv170704737B},
  adsnote = {Provided by the SAO/NASA Astrophysics Data System}
}

@book{cat,
author = {Budge, Ian and Laver, Michael},
title = {Party policy and government coalitions},
publisher={St. Martin's Press New York},
year = { 1992 }
}

@article{daubler2012natural,
  title={Natural sentences as valid units for coded political texts},
  author={D{\"a}ubler, Thomas and Benoit, Kenneth and Mikhaylov, Slava and Laver, Michael},
  journal={British Journal of Political Science},
  year={2012},
  publisher={Cambridge University Press}
}

@article{ammar2016massively,
  title={Massively multilingual word embeddings},
  author={Ammar, Waleed and Mulcaire, George and Tsvetkov, Yulia and Lample, Guillaume and Dyer, Chris and Smith, Noah A},
  journal={arXiv preprint arXiv:1602.01925},
  year={2016}
}

@article{DBLP:journals/corr/KingmaB14,
  author    = {Diederik P. Kingma and
               Jimmy Ba},
  title     = {Adam: {A} Method for Stochastic Optimization},
  journal   = {CoRR},
  volume    = {abs/1412.6980},
  year      = {2014}
}

